@misc{PCTut5,
    author = {Chardaire, Pierre},
    title = {Tutorial 5: Producing professional looking tables},
    year = {2013},
}

@book{cooper2011engineering,
    title = {Engineering a Compiler},
    author = {Cooper, Keith D. and Torczon, Linda},
    year = {2011},
    edition = {2nd},
    publisher = {Morgan Kaufmann},
    address = {Burlington, MA},
    isbn = {978-0-12-088478-0},
}

@inproceedings{flanagan1993essence,
    title = {The Essence of Compiling with Continuations},
    author = {Flanagan, Cormac and Sabry, Amr and Duba, Bruce F. and Felleisen,
              Matthias},
    booktitle = {Proceedings of the ACM SIGPLAN 1993 Conference on Programming
                 Language Design and Implementation (PLDI '93)},
    pages = {237--247},
    year = {1993},
    organization = {ACM},
    doi = {10.1145/155090.155113},
}
